@Article{SUSY-2010-01,
    author         = "{ATLAS Collaboration}",
    title          = "{Search for Supersymmetry Using Final States with One Lepton, Jets, and Missing Transverse Momentum with the ATLAS Detector in $\sqrt{s} = 7\;\mbox{TeV}$ $pp$ Collisions}",
    journal        = "Phys. Rev. Lett.",
    volume         = "106",
    year           = "2011",
    pages          = "131802",
    doi            = "10.1103/PhysRevLett.106.131802",
    eprint         = "1102.2357",
    archivePrefix  = "arXiv",
    primaryClass   = "hep-ex",
}
