@misc{BOOST2016,
  title= {SUSY using boosted techniques at ATLAS},
  author = {Giordon Stark},
  month = {August},
  year = {2016},
  note= {BOOST 2016},
  url= {https://indico.cern.ch/event/439039},
}

@misc{USATLAS2015,
  title= {Boosted object hardware trigger development and testing for the Phase I upgrade of the ATLAS Experiment},
  author = {Giordon Stark},
  month = {June},
  year = {2015},
  note= {US ATLAS Physics Workshop},
  url= {https://indico.cern.ch/event/388328},
}

@misc{APS2015,
  title= {Boosted object hardware trigger development and testing for the Phase I upgrade of the ATLAS Experiment},
  author = {Giordon Stark},
  month = {April},
  year = {2015},
  note= {APS April Meeting},
  url= {http://meetings.aps.org/Meeting/APR15/Session/C16.6},
}

@misc{USLUA2014,
  title= {The Global Feature Extraction (gFEX) module and its Physics Impact},
  author = {Giordon Stark},
  month = {November},
  year = {2014},
  note= {US LHC Users Association Annual Meeting},
  url= {https://indico.hep.anl.gov/indico/conferenceDisplay.py?confId=410},
}

