@software{mqat,
  author       = {Giordon Stark and
                  Timon Heim and
                  Elisabetta Pianori and
                  Lingxin Meng and
                  Marija Marjanovic and
                  Emily Thompson and
                  Kehang Bai and
                  Alic Spellman and
                  Niklas Gruen and
                  Hideyuki Oide and
                  Koji Nakamura and
                  Yuma Uematsu and
                  Deion Fellers and
                  Charles Huitquist and
                  Maria Mironova and
                  Jay Chan and
                  Haoran Zhao and
                  Achim Bruchertseifer and
                  Yannick Dieter and
                  Matthias Schuessler and
                  Dmytro Hohov and
                  Matthias Saimpert and
                  Julien Giraud and
                  Marianna Liberatore and
                  Lubos Vozdecky and
                  Casey Bishop and
                  Mario Sousa and
                  Riccardo Zanzottera and
                  Takanori Kono and
                  Daiki Sameshima},
  title        = {atlas-itk-pixel-modules/mqat: 2.5.0},
  month        = jun,
  year         = 2025,
  publisher    = {Zenodo},
  version      = {2.5.0},
  doi          = {10.5281/zenodo.15580222},
  url          = {https://doi.org/10.5281/zenodo.15580222},
  swhid        = {swh:1:dir:6ac75017c32ab95fe4b2066055d99ad23f1591f4
                   ;origin=https://doi.org/10.5281/zenodo.15580221;vi
                   sit=swh:1:snp:8871eefb3cf8e1eeeeb923567f68cd5ac3c9
                   13f7;anchor=swh:1:rel:caf49f22a29b9cda6e968b072bf1
                   51a2d84d9867;path=/
                  },
}

@software{mqt,
  author       = {Giordon Stark and
                  Elisabetta Pianori and
                  Timon Heim and
                  Lingxin Meng and
                  Marija Marjanovic and
                  Emily Thompson and
                  Jay Chan and
                  Deion Fellers and
                  Matthias Saimpert and
                  Marianna Liberatore and
                  Kehang Bai and
                  Haoran Zhao and
                  Angira Rastogi and
                  Charles Huitquist and
                  Lubos Vozdecky and
                  Hideyuki Oide and
                  Laura Pintucci and
                  Dima Maneuski and
                  Francesco Crescioli and
                  Md Arif Abdulla Samy},
  title        = {atlas-itk-pixel-modules/mqt: v2.5.0},
  month        = jun,
  year         = 2025,
  publisher    = {Zenodo},
  version      = {v2.5.0},
  doi          = {10.5281/zenodo.15580233},
  url          = {https://doi.org/10.5281/zenodo.15580233},
  swhid        = {swh:1:dir:7d6c84fd1350e351aa365098ebaba0d8eb6804cd
                   ;origin=https://doi.org/10.5281/zenodo.15580232;vi
                   sit=swh:1:snp:5b7e07f226ec2353695cd4786ecd84599558
                   99e8;anchor=swh:1:rel:9eee8a5bac77a8934b87ebe4cb56
                   78216a846e66;path=/
                  },
}

@software{mqdbt,
  author       = {Giordon Stark and
                  Elisabetta Pianori and
                  Timon Heim and
                  Lingxin Meng and
                  Marija Marjanovic and
                  Emily Thompson and
                  Koji Nakamura and
                  Hideyuki Oide and
                  Jay Chan and
                  Deion Fellers and
                  Matthias Saimpert and
                  Umberto Molinatti},
  title        = {atlas-itk-pixel-modules/mqdbt: v2.6.0},
  month        = jun,
  year         = 2025,
  publisher    = {Zenodo},
  version      = {v2.6.0},
  doi          = {10.5281/zenodo.15580235},
  url          = {https://doi.org/10.5281/zenodo.15580235},
  swhid        = {swh:1:dir:6e39c28d8723386c37527ba56de9a4a511fcdd28
                   ;origin=https://doi.org/10.5281/zenodo.15580234;vi
                   sit=swh:1:snp:9f5e941d08dff88e04bc2e539c222647c730
                   dab1;anchor=swh:1:rel:abd780bf2e24a003eb51efcc0426
                   c12265bcef0d;path=/
                  },
}

@software{ldb,
  author       = {Giordon Stark and
                  Hideyuki Oide and
                  Eunchong Kim and
                  Arisa Kubota and
                  Hiroki Okuyama and
                  Satoshi Kinoshita and
                  Daiki Sameshima and
                  Atsuhiro Suzuki and
                  Shusaku Arakuta and
                  Minoru Hirose and
                  Shohei Yamagaya and
                  Osamu Jinnouchi and
                  Hajime Nanjo and
                  Koji Nakamura and
                  Yuma Uematsu and
                  Shiwen An and
                  Matthias Saimpert and
                  Lingxin Meng and
                  Lubos Vozdecky and
                  Timon Heim and
                  Elisabetta Pianori and
                  Emily Thompson and
                  Marija Marjanovic},
  title        = {atlas-itk-pixel-modules/ldb: v2.4.0},
  month        = jun,
  year         = 2025,
  publisher    = {Zenodo},
  version      = {v2.4.0},
  doi          = {10.5281/zenodo.15580239},
  url          = {https://doi.org/10.5281/zenodo.15580239},
}

@Article{10.21468/SciPostPhysCodeb.27-r0.5,
	title={{Codebase release 0.5 for mapyde}},
	author={Giordon Stark and Camila Aristimuno Ots and Mike Hance},
	journal={SciPost Phys. Codebases},
	pages={27-r0.5},
	year={2024},
	publisher={SciPost},
	doi={10.21468/SciPostPhysCodeb.27-r0.5},
	url={https://scipost.org/10.21468/SciPostPhysCodeb.27-r0.5},
}

@article{Feickert:2022Rb,
  author = "Feickert, Matthew  and  Heinrich, Lukas  and  Stark, Giordon",
  title = "{pyhf: a pure-Python implementation of HistFactory with tensors and automatic differentiation}",
  doi = "10.22323/1.414.0245",
  journal = "PoS",
  year = 2022,
  volume = "ICHEP2022",
  pages = "245"
}

@article{pyhfFuncX,
	author = {{Feickert, Matthew} and {Heinrich, Lukas} and {Stark, Giordon} and {Galewsky, Ben}},
	title = {Distributed statistical inference with pyhf enabled through funcX},
	DOI= "10.1051/epjconf/202125102070",
	url= "https://doi.org/10.1051/epjconf/202125102070",
	journal = {EPJ Web Conf.},
	year = 2021,
	volume = 251,
	pages = "02070",
}

@inproceedings{Malik:2021lgv,
    author = "Malik, Sudhir and others",
    title = "{Software Training in HEP}",
    booktitle = "{25th International Conference on Computing in High-Energy and Nuclear Physics}",
    eprint = "2103.00659",
    archivePrefix = "arXiv",
    primaryClass = "hep-ex",
    month = "2",
    year = "2021"
}

@article{Heinrich2021,
  doi = {10.21105/joss.02823},
  url = {https://doi.org/10.21105/joss.02823},
  year = {2021},
  publisher = {The Open Journal},
  volume = {6},
  number = {58},
  pages = {2823},
  author = {Lukas Heinrich and Matthew Feickert and Giordon Stark and Kyle Cranmer},
  title = {pyhf: pure-Python implementation of HistFactory statistical models},
  journal = {Journal of Open Source Software}
}

@misc{lukas_2019_3334365,
  author       = {Giordon Stark and
                  Lukas Heinrich and
                  Matthew Feickert},
  title        = {diana-hep/pyhf: v0.1.2},
  month        = jul,
  year         = 2019,
  doi          = {10.5281/zenodo.3334365},
  url          = {https://doi.org/10.5281/zenodo.3334365}
}

@article{Noel_Dawe_2017,
	doi = {10.21105/joss.00307},
	url = {https://doi.org/10.21105%2Fjoss.00307},
	year = 2017,
	month = {aug},
	publisher = {The Open Journal},
	volume = {2},
	number = {16},
	pages = {307},
	author = {Edmund Noel Dawe and Piti Ongmongkolkul and Giordon Stark},
	title = {root{\_}numpy: The interface between {ROOT} and {NumPy}},
	journal = {The Journal of Open Source Software}
}

@software{giordon_stark_2020_3743307,
  author       = {Giordon Stark and
                  Marco Milesi and
                  John Alison and
                  Gabriel Facini and
                  Karol Krizka and
                  Jeffrey Dandoy and
                  Tadej Novak and
                  Jonathan Bossio and
                  Federico Scutti and
                  Matthew LeBlanc and
                  Leigh Schaefer and
                  Brian Tuan and
                  Matthew Feickert and
                  William Kalderon and
                  Alexander Tuna and
                  Miha Muskinja and
                  Joakim Olsson and
                  Lawrence Lee Jr and
                  Baojia Tong and
                  Tao Hyoun Park and
                  Maximilian Swiatlowski and
                  Tomo Lazovich and
                  Benjamin Carlson and
                  Caterina Doglioni and
                  Robert Hankache and
                  Meghan Frate and
                  Vincent Pascuzzi and
                  Stephen Sekula and
                  Robin Newhouse and
                  Marta Perego and
                  Mariana Toscani and
                  Lars Henkelmann and
                  Laurie McClymont and
                  Katherina Pachal and
                  Chase Shimmin and
                  Christina Nelson and
                  Brian Amadio and
                  Beojan Stanislaus and
                  William Balunas and
                  Nicole Hartman and
                  Jennifer Roloff and
                  Jannik Geisen and
                  Dale Abbott and
                  Christian Ohm and
                  Cole Helling and
                  Claire Antel and
                  Alexander Emerman and
                  Aviv Cukierman and
                  Andrea Coccaro},
  title        = {xAODAnaHelpers, v1.0.0},
  month        = apr,
  year         = 2020,
  publisher    = {Zenodo},
  version      = {v1.0.0},
  doi          = {10.5281/zenodo.3743307},
  url          = {https://doi.org/10.5281/zenodo.3743307}
}
